@inproceedings{rationalprotocol,
  title   = "Rational protocol design: Cryptography against incentive-driven adversaries",
  author  = "Garay, Juan and Katz, Jonathan and Maurer, Ueli and Tackmann, Bjorn and Zikas, Vassilis",
  booktitle = "Foundations of Computer Science (FOCS), 2013 IEEE 54th Annual Symposium on",
  pages   = "648--657",
  year    = "2013",
  organization = "IEEE"
}

@book{lindell,
  title={Introduction to modern cryptography},
  author={Lindell, Yehuda and Katz, Jonathan},
  year={2014},
  publisher={Chapman and Hall/CRC}
}

@inproceedings{askalidis2013theoretical,
  title={A theoretical analysis of crowdsourced content curation},
  author={Askalidis, Georgios and Stoddard, Greg},
  booktitle={The 3rd Workshop on Social Computing and User Generated Content},
  volume={16},
  year={2013}
}

@inproceedings{gupte2009news,
  title={News posting by strategic users in a social network},
  author={Gupte, Mangesh and Hajiaghayi, MohammadTaghi and Han, Lu and Iftode, Liviu and Shankar, Pravin and Ursu, Raluca M},
  booktitle={International Workshop on Internet and Network Economics},
  pages={632--639},
  year={2009},
  organization={Springer}
}

@inproceedings{ghosh2011incentivizing,
  title={Incentivizing high-quality user-generated content},
  author={Ghosh, Arpita and McAfee, Preston},
  booktitle={Proceedings of the 20th international conference on World wide web},
  pages={137--146},
  year={2011},
  organization={ACM}
}

@inproceedings{das2010ranking,
  title={Ranking mechanisms in twitter-like forums},
  author={Das Sarma, Anish and Das Sarma, Atish and Gollapudi, Sreenivas and Panigrahy, Rina},
  booktitle={Proceedings of the third ACM international conference on Web search and data mining},
  pages={21--30},
  year={2010},
  organization={ACM}
}

@inproceedings{may2014filter,
  title={Filter \& follow: How social media foster content curation},
  author={May, Avner and Chaintreau, Augustin and Korula, Nitish and Lattanzi, Silvio},
  booktitle={ACM SIGMETRICS Performance Evaluation Review},
  volume={42},
  number={1},
  pages={43--55},
  year={2014},
  organization={ACM}
}

@article{arrow1950difficulty,
  title={A difficulty in the concept of social welfare},
  author={Arrow, Kenneth J},
  journal={Journal of political economy},
  volume={58},
  number={4},
  pages={328--346},
  year={1950},
  publisher={The University of Chicago Press}
}

@inproceedings{leskovec2010governance,
  title={Governance in social media: A case study of the wikipedia promotion process},
  author={Leskovec, Jure and Huttenlocher, Daniel P and Kleinberg, Jon M},
  booktitle={ICWSM},
  pages={98--105},
  year={2010}
}

@inproceedings{forte2008scaling,
  title={Scaling consensus: Increasing decentralization in Wikipedia governance},
  author={Forte, Andrea and Bruckman, Amy},
  booktitle={Hawaii International Conference on System Sciences, Proceedings of the 41st Annual},
  pages={157--157},
  year={2008},
  organization={IEEE}
}

@article{ehrsam,
  title={Blockchain Governance: Programming Our Future},
  author={Ehrsam, Fred},
  year={2017},
  note={\url{https://medium.com/@FEhrsam/blockchain-governance-programming-our-future-c3bfe30f2d74} Accessed: 2018-09-03.}
}

@article{vitalik,
  title={Notes on Blockchain Governance},
  author={Buterin, Vitalik},
  year={2017},
  note={\url{https://vitalik.ca/general/2017/12/17/voting.html} Accessed: 2018-09-04.}
}


@article{darkdaos,
  title={On-Chain Vote Buying and the Rise of Dark DAOs},
  author={Philip Daian, Tyler Kell, Ian Miers, and Ari Juels},
  year={2018},
  note={\url{http://hackingdistributed.com/2018/07/02/on-chain-vote-buying/} Accessed: 2018-09-06.}
}

@article{tezos,
  title={Tezosâ€”a self-amending crypto-ledger White paper},
  author={Goodman, LM},
  journal={URL: https://www. tezos. com/static/papers/white\_paper. pdf},
  year={2014}
}

@article{peng2007survey,
  title={Survey of network-based defense mechanisms countering the DoS and DDoS problems},
  author={Peng, Tao and Leckie, Christopher and Ramamohanarao, Kotagiri},
  journal={ACM Computing Surveys (CSUR)},
  volume={39},
  number={1},
  pages={3},
  year={2007},
  publisher={ACM}
}

@article{levine2006survey,
  title={A survey of solutions to the sybil attack},
  author={Levine, Brian Neil and Shields, Clay and Margolin, N Boris},
  journal={University of Massachusetts Amherst, Amherst, MA},
  volume={7},
  pages={224},
  year={2006}
}
